@Inbook{Bellomarini2020,
author ={Bellomarini, Luigi
and Sallinger, Emanuel
and Vahdati, Sahar},
editor={Janev, Valentina
and Graux, Damien
and Jabeen, Hajira
and Sallinger, Emanuel},
title={Chapter 2 Knowledge Graphs: The Layered Perspective},
bookTitle={Knowledge Graphs and Big Data Processing},
year={2020},
publisher={Springer International Publishing},
address={Cham},
}

@Inbook{Tasnim2020,
author ={Tasnim, Mayesha and
Collarana, Diego and
Graux, Damien and
Vidal, Maria-Esther},
editor={Janev, Valentina
and Graux, Damien
and Jabeen, Hajira
and Sallinger, Emanuel},
title={Chapter 8: Context-based Entity Matching for Big Data},
bookTitle={Knowledge Graphs and Big Data Processing},
year={2020},
publisher={Springer International Publishing},
address={Cham},
}

@InProceedings{Koutra2019,
  title={Personalized Knowledge Graph Summarization: From the Cloud to Your Pocket},
  author={Safavi, T and Belth, C. and Faber, L.  and Mottin, D. and Müller, E. and Koutra, D.},
  booktitle={2019 IEEE International Conference on Data Mining (ICDM)},
  pages={528--537},
  year={2019}
}

@electronic{Panetta19,
 author= "Panetta, Kasey",
 title = "5 Trends Appear on the Gartner Hype Cycle for Emerging Technologies, 2019",
 url = "https://www.gartner.com/smarterwithgartner/5-trends-appear-on-the-gartner-hype-cycle-for-emerging-technologies-2019/",
 year = "2019"
} 

@inproceedings{suchanek2007yago,
  title={Yago: a core of semantic knowledge},
  author={Suchanek, Fabian M and Kasneci, Gjergji and Weikum, Gerhard},
  booktitle={Proceedings of the 16th international conference on World Wide Web},
  pages={697--706},
  year={2007}
}


@InProceedings{auer2007dbpedia,
author="Auer, S{\"o}ren
and Bizer, Christian
and Kobilarov, Georgi
and Lehmann, Jens
and Cyganiak, Richard
and Ives, Zachary",
editor="Aberer, Karl
and Choi, Key-Sun
and Noy, Natasha
and Allemang, Dean
and Lee, Kyung-Il
and Nixon, Lyndon
and Golbeck, Jennifer
and Mika, Peter
and Maynard, Diana
and Mizoguchi, Riichiro
and Schreiber, Guus
and Cudr{\'e}-Mauroux, Philippe",
title="DBpedia: A Nucleus for a Web of Open Data",
booktitle="The Semantic Web",
year="2007",
publisher="Springer Berlin Heidelberg",
address="Berlin, Heidelberg",
pages="722--735",
isbn="978-3-540-76298-0"
}

@inproceedings{NELL10,
author = {Carlson, Andrew
and Betteridge, Justin
and Kisiel, Bryan
and Settles, Burr
and Hruschka, Estevam R.
and Mitchell, Tom M.},
title = {Toward an Architecture for Never-Ending Language Learning}, 
year = "2010",
publisher = {AAAI Press},
booktitle = {Proceedings of the Twenty-Fourth AAAI Conference on Artificial Intelligence},
pages = {1306--1313},
numpages = {8},
address = {Atlanta, Georgia}, 
series = {AAAI'10},
}

@inproceedings{Freebase08,
author = "Bollacker, Kurt
and Evans, Colin
and Paritosh, Praveen
and Sturge, Tim
and Taylor, Jamie",
title = "Freebase: A Collaboratively Created Graph Database for Structuring Human Knowledge",
year = "2008",
isbn = "9781605581026",
publisher = "Association for Computing Machinery",
address = "New York, NY, USA",
doi = "10.1145/1376616.1376746",
booktitle = "Proceedings of the 2008 ACM SIGMOD International Conference on Management of Data",
pages = "1247--1250",
numpages = "4",
keywords = "tuple store, collaborative systems, semantic network",
location = "Vancouver, Canada",
series = "SIGMOD '08"
}

@electronic{GoogleKG12,
 author="Singhal, Amit",
 title="{Introducing the Knowledge Graph: things, not strings}",
 url="https://www.blog.google/products/search/introducing-knowledge-graph-things-not/",
 year = "2012"
}

@InProceedings{Wikidata14,
author="Erxleben, Fredo
and G{\"u}nther, Michael
and Kr{\"o}tzsch, Markus
and Mendez, Julian
and Vrande{\v{c}}i{\'{c}}, Denny",
editor="Mika, Peter
and Tudorache, Tania
and Bernstein, Abraham
and Welty, Chris
and Knoblock, Craig
and Vrande{\v{c}}i{\'{c}}, Denny
and Groth, Paul
and Noy, Natasha
and Janowicz, Krzysztof
and Goble, Carole",
title="Introducing Wikidata to the Linked Data Web",
booktitle="The Semantic Web -- ISWC 2014",
year="2014",
publisher="Springer International Publishing",
address="Cham",
pages="50--65",
isbn="978-3-319-11964-9"
}

@electronic{Satori13,
 author="Qian, Richard",
 title="{Understand Your World with Bing}",
 url="https://blogs.bing.com/search/2013/03/21/understand-your-world-with-bing/",
 year = "2013"
}

@electronic{Facebook13,
 author="Facebook Engineering",
 title="{Under the Hood: The Entities Graph}",
 url="https://www.facebook.com/notes/facebook-engineering/under-the-hood-the-entities-graph/10151490531588920",
 year = "2013"
}

@article{Belleau08,
  title={Bio2RDF: towards a mashup to build bioinformatics knowledge systems},
  author={Belleau, François
  and Nolin, Marc-Alexandre 
  and Tourigny, Nicole 
  and Rigault, Philippe 
  and Morissette, Jean},
  journal={Journal of biomedical informatics},
  volume={41},
  number={5},
  pages={706--716},
  year={2008},
  doi={10.1016/j.jbi.2008.03.004}
}

@article{Ruttenberg09,
author = {Ruttenberg, Alan 
and Rees, Jonathan 
and Samwald, Matthias 
and Marshall, M},
year = {2009},
month = {04},
pages = {193-204},
title = {Life sciences on the Semantic Web: The Neurocommons and beyond},
volume = {10},
journal = {Briefings in bioinformatics},
doi = {10.1093/bib/bbp004}
}

@INPROCEEDINGS{Momtchev09,
    author = {Vassil Momtchev 
    and Deyan Peychev
    and Todor Primov 
    and Georgi Georgiev},
    title = {Expanding the pathway and interaction knowledge in linked life data},
    booktitle = {Proc. of International Semantic Web Challenge},
    year = {2009}
}

@article{keim2001visual,
  title={Visual exploration of large data sets},
  author={Keim, Daniel A},
  journal={Communications of the ACM},
  volume={44},
  number={8},
  pages={38--44},
  year={2001},
  publisher={ACM New York, NY, USA}
}

@article{mcginn2016visualizing,
  title={Visualizing dynamic bitcoin transaction patterns},
  author={McGinn, Dan and Birch, David and Akroyd, David and Molina-Solana, Miguel and Guo, Yike and Knottenbelt, William J},
  journal={Big data},
  volume={4},
  number={2},
  pages={109--119},
  year={2016},
  publisher={Mary Ann Liebert, Inc. 140 Huguenot Street, 3rd Floor New Rochelle, NY 10801 USA}
}

@article{molina2017improving,
  title={Improving data exploration in graphs with fuzzy logic and large-scale visualisation},
  author={Molina-Solana, Miguel and Birch, David and Guo, Yi-ke},
  journal={Applied Soft Computing},
  volume={53},
  pages={227--235},
  year={2017},
  publisher={Elsevier}
}

@article{gomez2018visualizing,
  title={Visualizing large knowledge graphs: A performance analysis},
  author={G{\'o}mez-Romero, Juan and Molina-Solana, Miguel and Oehmichen, Axel and Guo, Yike},
  journal={Future Generation Computer Systems},
  volume={89},
  pages={224--238},
  year={2018},
  publisher={Elsevier}
}

@article{Seah12,
  title={FUSE: a profit maximization approach for functional summarization of biological networks},
  author={Seah, Boon-Siew
  and Bhowmick, Sourav S
  and Dewey, C Forbes 
  and Yu, Hanry},
  journal={BMC Bioinformatics},
  volume={13},
  number={3},
  pages={S(10)},
  year={2012},
  doi={10.1186/1471-2105-13-S3-S10}
}

@INPROCEEDINGS{6787141,
  author={L. {Shi} and Q. {Liao} and H. {Tong} and Y. {Hu} and Y. {Zhao} and C. {Lin}},
  booktitle={2014 IEEE Pacific Visualization Symposium}, 
  title={Hierarchical Focus+Context Heterogeneous Network Visualization}, 
  year={2014},
  address= {Yokohama, Japan},
  pages={89-96},
  doi = {10.1109/PacificVis.2014.44}}
  
  @ARTICLE{1703364,
  author={ {Zeqian Shen} and  {Kwan-Liu Ma} and T. {Eliassi-Rad}},
  journal={IEEE Transactions on Visualization and Computer Graphics}, 
  title={Visual Analysis of Large Heterogeneous Social Networks by Semantic and Structural Abstraction}, 
  year={2006},
  volume={12},
  number={6},
  pages={1427-1439},
  doi = {10.1109/TVCG.2006.107}}
  
  @ARTICLE{8801911,
  author={Z. {Zhou} and X. {Zhang} and X. {Zhou} and Y. {Liu}},
  journal={IEEE Access}, 
  title={Semantic-Aware Visual Abstraction of Large-Scale Social Media Data With Geo-Tags}, 
  year={2019},
  volume={7},
  number={},
  doi = {10.1109/ACCESS.2019.2935471},
  pages={114851--114861},}


@article{liu2018graph,
  title={Graph summarization methods and applications: A survey},
  author={Liu, Yike and Safavi, Tara and Dighe, Abhilash and Koutra, Danai},
  journal={ACM Computing Surveys (CSUR)},
  volume={51},
  number={3},
  pages={1--34},
  year={2018},
  publisher={ACM New York, NY, USA},
  doi = {10.1145/3186727}
}

@ARTICLE{OntoVis,
  author={ {Zeqian Shen} and  {Kwan-Liu Ma} and T. {Eliassi-Rad}},
  journal={IEEE Transactions on Visualization and Computer Graphics}, 
  title={Visual Analysis of Large Heterogeneous Social Networks by Semantic and Structural Abstraction}, 
  year={2006},
  volume={12},
  number={6},
  pages={1427--1439},
  publisher={IEEE},
  doi={10.1109/TVCG.2006.107}
  }
  
  @inproceedings{koutra2014vog,
  title={Vog: Summarizing and understanding large graphs},
  author={Koutra, Danai and Kang, U and Vreeken, Jilles and Faloutsos, Christos},
  booktitle={Proceedings of the 2014 SIAM international conference on data mining},
  pages={91--99},
  year={2014},
  organization={SIAM}
}

@article{Garshol2004MetadataTT,
  title={Metadata? Thesauri? Taxonomies? Topic Maps! Making Sense of it all},
  author={Lars Marius Garshol},
  journal={Journal of Information Science},
  year={2004},
  volume={30},
  pages={378 - 391}
}

@inproceedings{Barthelemy2005KnowledgeRI,
  title={Knowledge Representation Issues in Semantic Graphs for Relationship Detection},
  author={M. Barthelemy and E. Chow and Tina Eliassi-Rad},
  booktitle={AAAI Spring Symposium: AI Technologies for Homeland Security},
  year={2005},
  pages={91--98}
}

@INPROCEEDINGS{Shneiderman96, 
author={B. {Shneiderman}}, 
booktitle={Proceedings 1996 IEEE Symposium on Visual Languages}, 
title={The eyes have it: a task by data type taxonomy for information visualizations}, 
year={1996}, 
pages={336-343}, 
doi={10.1109/VL.1996.545307}, 
month={Sep.},
address={Boulder, CO, US},
publisher={IEEE}
}

@book{bondy1976graph,
  title={Graph theory with applications},
  author={Bondy, John Adrian and Murty, Uppaluri Siva Ramachandra and others},
  volume={290},
  year={1976},
  publisher={Macmillan London}
}

@electronic{RDF,
 author= {Schreiber, Guus and Raimond, Yves},
 title = "RDF 1.1 Primer",
 url = "https://www.w3.org/TR/rdf11-primer/",
 year = "2014"
} 

@electronic{OWL,
 author= {McGuinness, Deborah L. and van Harmelen, Frank},
 title = "5 Trends Appear on the Gartner Hype Cycle for Emerging Technologies, 2019",
 url = "https://www.w3.org/TR/owl-features/",
 year = "2004"
}

@article{ARCHAMBAULT20131044,
title = "The “Map” in the mental map: Experimental results in dynamic graph drawing",
journal = "International Journal of Human-Computer Studies",
volume = "71",
number = "11",
pages = "1044 - 1055",
year = "2013",
issn = "1071-5819",
doi = "j.ijhcs.2013.08.004",
author = "Daniel Archambault and Helen C. Purchase"
}

@article{UsabilityMeasurement2006,
author = {Seffah, Ahmed and Donyaee, Mohammad and Kline, Rex and Padda, Harkirat},
year = {2006},
month = {06},
pages = {159-178},
title = {Usability measurement and metrics: A consolidated model},
volume = {14},
journal = {Software Quality Journal},
doi = {10.1007/s11219-006-7600-8}
}

@techreport{ISO9241112018,
type = {Standard},
key = {ISO 9241-11:2018(E)},
year = {2018},
title = {{Ergonomics of human-system interaction -- Part 11: Usability: Definitions and concepts}},
volume = {2018},
address = {Geneva, CH},
institution = {International Organization for Standardization},
author = {ISO}
}

@INPROCEEDINGS{Camarillo20, 
  title={A task-based evaluation methodology for visual representation of dynamic networks.},
  author={Camarillo-Ramirez, Pablo and Cervantes-Alvarez, Francisco and Guti{\'e}rrez-Preciado, Luis Fernando},
  booktitle={EDBT/ICDT Workshops},
  year={2020},
  address={Copenhagen, Denmark},
  url={http://ceur-ws.org/Vol-2578/BigVis10.pdf},
  Month = {March}
}

 @inproceedings{nr,
      title = {The Network Data Repository with Interactive Graph Analytics and Visualization},
      author={Ryan A. Rossi and Nesreen K. Ahmed},
      booktitle = {AAAI},
      url={http://networkrepository.com},
      year={2015}
  }
  
 @electronic{FIBO,
 author="EDM Council",
 title="{The Financial Industry Business Ontology (FIBO)}",
 url="https://spec.edmcouncil.org/fibo/",
 year = "2020"
}

@incollection{GraphMinning:2013,
  author      = "Padmanabhan, Kanchana and Harrison, Brent and  Wilson,  Kevin and L. Warren, Michael and Bright, Katie and Mosiman, Justin and Kancherla, Jayaram and 
Phung, Hieu and Miller, Benjamin and Shamseldin, Sam",
  title       = "Cluster Analysis",
  editor      = "Samatova, Nagiza F. and Hendrix, William and Jenkins, John and Padmanabhan, Kanchana and Chakraborty, Arpan",
  booktitle   = "Practical Graph Mining with R",
  publisher   = "Chapman \& Hall/CRC",
  address     = "Boca Raton, FL, US",
  year        = 2013,
  pages       = "205-238",
  chapter     = 8,
}

% References for ontology summarization

@article{pouriyeh2018comprehensive,
  title={A comprehensive survey of ontology summarization: measures and methods},
  author={Pouriyeh, Seyedamin and Allahyari, Mehdi and Kochut, Krys and Arabnia, Hamid Reza},
  journal={arXiv preprint arXiv:1801.01937},
  year={2018}
}

@article{Karyon2021,
    author = {Tugba Ozacar and Ovunc Ozturk},
    title ={Karyon: A scalable and easy to integrate ontology summarisation framework},
    journal = {Journal of Information Science},
    volume = {47},
    number = {2},
    pages = {255-268},
    year = {2021},
    doi = {10.1177/0165551519887873},
    URL = {https://doi.org/10.1177/0165551519887873},
    eprint = {https://doi.org/10.1177/0165551519887873}
}


@article{johnson1986semantic,
  title={Semantic mapping},
  author={Johnson, Dale D and Pittelman, Susan D and Heimlich, Joan E},
  journal={The reading teacher},
  volume={39},
  number={8},
  pages={778--783},
  year={1986},
  publisher={JSTOR}
}


@inproceedings{resnik1995using,
  title = {Using information content to evaluate semantic similarity in a taxonomy},
  author = {Resnik, Philip},
  booktitle = {Proc. 14th Int. Joint Conf. Artif. Intell.},
  year = {1995},
  pages = {448--453},
  address = {Montreal, Quebec, Canada},
  publisher = {Morgan Kaufmann Publishers Inc.},
}

@article{turney2010frequency,
  title={From frequency to meaning: Vector space models of semantics},
  author={Turney, Peter D and Pantel, Patrick},
  journal={Journal of artificial intelligence research},
  volume={37},
  pages={141--188},
  year={2010}
}


@article{HOVY20132,
	Author = {Eduard Hovy and Roberto Navigli and Simone Paolo Ponzetto},
	Doi = {https://doi.org/10.1016/j.artint.2012.10.002},
	Issn = {0004-3702},
	Journal = {Artificial Intelligence},
	Keywords = {Knowledge acquisition, Semantic networks, Knowledge-rich methods},
	Note = {Artificial Intelligence, Wikipedia and Semi-Structured Resources},
	Pages = {2-27},
	Title = {Collaboratively built semi-structured content and Artificial Intelligence: The story so far},
	Volume = {194},
	Year = {2013},
	Doi = {https://doi.org/10.1016/j.artint.2012.10.002}}
	

@article{SCHAEFFER200727,
	Author = {Satu Elisa Schaeffer},
	Doi = {https://doi.org/10.1016/j.cosrev.2007.05.001},
	Issn = {1574-0137},
	Journal = {Computer Science Review},
	Number = {1},
	Pages = {27-64},
	Title = {Graph clustering},
	Volume = {1},
	Year = {2007},
	Bdsk-Url-1 = {https://www.sciencedirect.com/science/article/pii/S1574013707000020},
	Bdsk-Url-2 = {https://doi.org/10.1016/j.cosrev.2007.05.001}}


@ARTICLE{ZhuIglesias2017,
  author={Zhu, Ganggao and Iglesias, Carlos A.},
  journal={IEEE Transactions on Knowledge and Data Engineering}, 
  title={Computing Semantic Similarity of Concepts in Knowledge Graphs}, 
  year={2017},
  volume={29},
  number={1},
  pages={72-85},
  doi={10.1109/TKDE.2016.2610428}}



@incollection{NGUYEN201495,
	Address = {Boston},
	Author = {Eric Nguyen},
	Booktitle = {Data Mining Applications with R},
	Doi = {https://doi.org/10.1016/B978-0-12-411511-8.00004-9},
	Editor = {Yanchang Zhao and Yonghua Cen},
	Isbn = {978-0-12-411511-8},
	Keywords = {, , ,},
	Pages = {95-115},
	Publisher = {Academic Press},
	Title = {Chapter 4 - Text Mining and Network Analysis of Digital Libraries in R},
	Url = {https://www.sciencedirect.com/science/article/pii/B9780124115118000049},
	Year = {2014},
	Bdsk-Url-1 = {https://www.sciencedirect.com/science/article/pii/B9780124115118000049},
	Bdsk-Url-2 = {https://doi.org/10.1016/B978-0-12-411511-8.00004-9}}


@inproceedings{collarana2017minte,
  title={MINTE: semantically integrating RDF graphs},
  author={Collarana, Diego and Galkin, Mikhail and Traverso-Rib{\'o}n, Ignacio and Vidal, Maria-Esther and Lange, Christoph and Auer, S{\"o}ren},
  booktitle={Proceedings of the 7th International Conference on Web Intelligence, Mining and Semantics},
  pages={1--11},
  year={2017},
  address={Amantea, Italy},
  publisher = {Association for Computing Machinery}
}

@article{horrocks2008ontologies,
  title={Ontologies and the semantic web},
  author={Horrocks, Ian},
  journal={Communications of the ACM},
  volume={51},
  number={12},
  pages={58--67},
  year={2008},
  publisher={ACM},
  address={New York, NY, USA}
}



@inproceedings{Baader2003,
	Address = {Berlin, Heidelberg},
	Author = {Baader, Franz},
	Booktitle = {Conceptual Structures for Knowledge Creation and Communication},
	Editor = {Ganter, Bernhard and de Moor, Aldo and Lex, Wilfried},
	Isbn = {978-3-540-45091-7},
	Pages = {117--130},
	Publisher = {Springer Berlin Heidelberg},
	Title = {Computing the Least Common Subsumer in the Description Logic {$\mathcal{EL}$} w.r.t. Terminological Cycles with Descriptive Semantics},
	Year = {2003}}



@book{DBLP:books/crc/aggarwal2013,
  editor    = {Charu C. Aggarwal and
               Chandan K. Reddy},
  title     = {Data Clustering: Algorithms and Applications},
  publisher = {{CRC} Press},
  year      = {2014},
  url       = {http://www.crcpress.com/product/isbn/9781466558212},
  isbn      = {978-1-46-655821-2},
  timestamp = {Thu, 12 Mar 2020 00:00:00 +0100},
  biburl    = {https://dblp.org/rec/books/crc/aggarwal2013.bib},
  bibsource = {dblp computer science bibliography, https://dblp.org}
}


@article{Dongkuan2015,
	Author = {Xu, Dongkuan and Tian, Yingjie},
	Da = {2015/06/01},
	Date-Added = {2022-10-06 20:27:14 -0500},
	Date-Modified = {2022-10-06 20:27:14 -0500},
	Doi = {10.1007/s40745-015-0040-1},
	Id = {Xu2015},
	Isbn = {2198-5812},
	Journal = {Annals of Data Science},
	Number = {2},
	Pages = {165--193},
	Title = {A Comprehensive Survey of Clustering Algorithms},
	Ty = {JOUR},
	Url = {https://doi.org/10.1007/s40745-015-0040-1},
	Volume = {2},
	Year = {2015},
	Bdsk-Url-1 = {https://doi.org/10.1007/s40745-015-0040-1}}


@article{firdaus2015survey,
  title={A survey on clustering algorithms and complexity analysis},
  author={Firdaus, Sabhia and Uddin, Md Ashraf},
  journal={International Journal of Computer Science Issues (IJCSI)},
  volume={12},
  number={2},
  pages={62},
  year={2015},
  publisher={International Journal of Computer Science Issues (IJCSI)}
}

 @misc{google_2022,
 title={Clustering Algorithms}, url={https://developers.google.com/machine-learning/clustering/clustering-algorithms},
 year={2022},
 month={Jul}
 }
 
 
@inproceedings{macqueen1967classification,
  title={Classification and analysis of multivariate observations},
  author={MacQueen, J},
  booktitle={5th Berkeley Symp. Math. Statist. Probability},
  pages={281--297},
  year={1967}
}

@article{park2009simple,
  title={A simple and fast algorithm for K-medoids clustering},
  author={Park, Hae-Sang and Jun, Chi-Hyuck},
  journal={Expert systems with applications},
  volume={36},
  number={2},
  pages={3336--3341},
  year={2009},
  publisher={Elsevier}
}

@inbook{kaufmanPAM,
  author    = {Kaufman, Leonard and Rousseeuw, Peter J},
  title     = {Finding Groups in Data: An Introduction to Cluster Analysis.},
  chapter   = {Partitioning around medoids (program pam)},
  publisher = {John Wiley \& Sons, Inc.},
  year      = {1990},
  address = {Hoboken, New Jersey}
}
@inbook{kaufmanCLARA,
  author    = {Kaufman, Leonard and Rousseeuw, Peter J},
  title     = {Finding Groups in Data: An Introduction to Cluster Analysis.},
  chapter   = {Clustering Large Applications (program CLARA)},
  publisher = {John Wiley \& Sons, Inc.},
  year      = {1990},
  address = {Hoboken, New Jersey}
}

@article{ng2002clarans,
  title={CLARANS: A method for clustering objects for spatial data mining},
  author={Ng, Raymond T. and Han, Jiawei},
  journal={IEEE transactions on knowledge and data engineering},
  volume={14},
  number={5},
  pages={1003--1016},
  year={2002},
  publisher={IEEE}
}
@article{frey2007clustering,
  title={Clustering by passing messages between data points},
  author={Frey, Brendan J and Dueck, Delbert},
  journal={science},
  volume={315},
  number={5814},
  pages={972--976},
  year={2007},
  publisher={American Association for the Advancement of Science}
}


@inproceedings{mihalcea2006corpus,
  title={Corpus-based and knowledge-based measures of text semantic similarity},
  author={Mihalcea, Rada and Corley, Courtney and Strapparava, Carlo},
  booktitle={Aaai},
  volume={6},
  number={2006},
  pages={775--780},
  year={2006}
}


@article{ZHU201730,
	Author = {Ganggao Zhu and Carlos A. Iglesias},
	Doi = {https://doi.org/10.1016/j.knosys.2017.05.021},
	Issn = {0950-7051},
	Journal = {Knowledge-Based Systems},
	Keywords = {Semantic similarity, Taxonomy, Knowledge Graphs, Classification, Evaluation},
	Pages = {30-32},
	Title = {Sematch: Semantic similarity framework for Knowledge Graphs},
	Url = {https://www.sciencedirect.com/science/article/pii/S0950705117302447},
	Volume = {130},
	Year = {2017},
	Bdsk-Url-1 = {https://www.sciencedirect.com/science/article/pii/S0950705117302447},
	Bdsk-Url-2 = {https://doi.org/10.1016/j.knosys.2017.05.021}}
	
	
@article{budanitsky2001semantic,
	Author = {Budanitsky, Alexander and Hirst, Graeme},
	Journal = {Workshop on WordNet and Other Lexical Resources},
	volume={2},
	Title = {Semantic Distance in Wordnet: An Experimental, Application-Oriented Evaluation of Five Measures},
	Year = {2001}
	}

@inproceedings{hulpucs2015path,
  title={Path-based semantic relatedness on linked data and its use to word and entity disambiguation},
  author={Hulpu{\c{s}}, Ioana and Prangnawarat, Narumol and Hayes, Conor},
  booktitle={Proc. 14th International Semantic Web Conference 2015},
  pages={442--457},
  year={2015},
  organization={Springer},
  address = {Bethlehem, PA, USA}
}

@inproceedings{wu1994verb,
  title={Verb semantics and lexical selection},
  author={Wu, Zhibiao and Palmer, Martha},
  booktitle={Proc. 32nd Annu. Meeting Assoc. Comput. Linguistics},
  year={1994},
  pages={133--138},
  address={Las Cruces, New Mexico, USA}
}

@article{leacock1998combining,
  title={Combining local context and WordNet similarity for word sense identification},
  author={Leacock, Claudia and Chodorow, Martin},
  journal={WordNet: An electronic lexical database},
  volume={49},
  number={2},
  pages={265--283},
  year={1998}
}

@inproceedings{lin1998information,
  title={An information-theoretic definition of similarity.},
  author={Lin, Dekang},
  booktitle={ICML '98: Proc. of the 15th Int. Conf. on Machine Learning},
  pages={296--304},
  year={1998},
  address = {Madison, Wisconson, USA}
}

@inproceedings{jiang1997semantic,
  title={Semantic similarity based on corpus statistics and lexical taxonomy},
  author={Jiang, Jay J and Conrath, David W},
  booktitle={Proc. 10th Int. Conf. Res. Comput. Linguistics},
  year={1997},
  address = {Taipei, Taiwan},
  pages= {19-–33},
  month={Aug}
}


@inproceedings{zhou2008new,
  title={New model of semantic similarity measuring in wordnet},
  author={Zhou, Zili and Wang, Yanna and Gu, Junzhong},
  booktitle={Proc. 3rd Int. Conf. on Intelligent System and Knowledge Engineering},
  month={Nov},
  pages={256--261},
  year={2008},
  address={Xiamen, China}
}

@article{church1990word,
  title={Word association norms, mutual information, and lexicography},
  author={Church, Kenneth and Hanks, Patrick},
  journal={Computational linguistics},
  volume={16},
  number={1},
  pages={22--29},
  year={1990}
}

@article{landauer1997solution,
  title={A solution to Plato's problem: The latent semantic analysis theory of acquisition, induction, and representation of knowledge.},
  author={Landauer, Thomas K and Dumais, Susan T},
  journal={Psychological review},
  volume={104},
  number={2},
  pages={211},
  year={1997},
  publisher={American Psychological Association}
}

@article{Hogan21, 
    author = {Hogan, Aidan and Blomqvist, Eva and Cochez, Michael and D’amato, Claudia and Melo, Gerard De and Gutierrez, Claudio and Kirrane, Sabrina and Gayo, Jos\'{e} Emilio Labra and Navigli, Roberto and Neumaier, Sebastian and Ngomo, Axel-Cyrille Ngonga and Polleres, Axel and Rashid, Sabbir M. and Rula, Anisa and Schmelzeisen, Lukas and Sequeda, Juan and Staab, Steffen and Zimmermann, Antoine},
    title = {Knowledge Graphs},
    year = {2021},
    issue_date = {May 2022},
    publisher = {Association for Computing Machinery},
    address = {New York, NY, USA},
    volume = {54},
    number = {4},
    issn = {0360-0300}
 }
 
 @article{nickel2015review,
  title={A review of relational machine learning for knowledge graphs},
  author={Nickel, Maximilian and Murphy, Kevin and Tresp, Volker and Gabrilovich, Evgeniy},
  journal={Proceedings of the IEEE},
  volume={104},
  number={1},
  pages={11--33},
  year={2015},
  publisher={IEEE}
}

@inproceedings{seufert2016instant,
  title={Instant espresso: interactive analysis of relationships in knowledge graphs},
  author={Seufert, Stephan and Ernst, Patrick and Bedathur, Srikanta J and Kondreddi, Sarath Kumar and Berberich, Klaus and Weikum, Gerhard},
  booktitle={Proceedings of the 25th International Conference Companion on World Wide Web},
  pages={251--254},
  year={2016}
}


@article{Zou_2020,
	Author = {Xiaohan Zou},
	Doi = {10.1088/1742-6596/1487/1/012016},
	Journal = {Journal of Physics: Conference Series},
	Month = {mar},
	Number = {1},
	Pages = {012016},
	Publisher = {IOP Publishing},
	Title = {A Survey on Application of Knowledge Graph},
	Url = {https://dx.doi.org/10.1088/1742-6596/1487/1/012016},
	Volume = {1487},
	Year = {2020},
	Bdsk-Url-1 = {https://dx.doi.org/10.1088/1742-6596/1487/1/012016}}



@ARTICLE{Zhang2022,
  author={Zhang, Kaicheng and Wang, Han and Yang, Mingchuan and Li, Xinchi and Xia, Xiaoqing and Guo, Zhixia},
  journal={IEEE Access}, 
  title={A Knowledge Graph Completion Method for Telecom Metadata Based on the Spherical Coordinate System}, 
  year={2022},
  volume={10},
  number={},
  pages={122670-122678},
  doi={10.1109/ACCESS.2022.3223432}}


  @ARTICLE{Lin2022,
  author={Lin, Yanru and Du, Shiyu and Zhang, Yiming and Duan, Kai and Huang, Qing and An, Peng},
  journal={IEEE Access}, 
  title={A Recommendation Strategy Integrating Higher-Order Feature Interactions With Knowledge Graphs}, 
  year={2022},
  volume={10},
  number={},
  pages={119290-119300},
  doi={10.1109/ACCESS.2022.3220322}}

  @ARTICLE{Borrego2022,
  author={Borrego, Agustín and Dessì, Danilo and Hernández, Inma and Osborne, Francesco and Reforgiato Recupero, Diego and Ruiz, David and Buscaldi, Davide and Motta, Enrico},
  journal={IEEE Access}, 
  title={Completing Scientific Facts in Knowledge Graphs of Research Concepts}, 
  year={2022},
  volume={10},
  number={},
  pages={125867-125880},
  doi={10.1109/ACCESS.2022.3220241}}


@ARTICLE{Consalvi2022,
  author={Consalvi, Luca and Didimo, Walter and Liotta, Giuseppe and Montecchiani, Fabrizio},
  journal={IEEE Access}, 
  title={BrowVis: Visualizing Large Graphs in the Browser}, 
  year={2022},
  volume={10},
  number={},
  pages={115776-115786},
  doi={10.1109/ACCESS.2022.3218884}}

@ARTICLE{Haotian2022,
  author={Li, Haotian and Wang, Yong and Zhang, Songheng and Song, Yangqiu and Qu, Huamin},
  journal={IEEE Transactions on Visualization and Computer Graphics}, 
  title={KG4Vis: A Knowledge Graph-Based Approach for Visualization Recommendation}, 
  year={2022},
  volume={28},
  number={1},
  pages={195-205},
  doi={10.1109/TVCG.2021.3114863}}


  @ARTICLE{Guan2022,
  author={Guan, Kainan and Du, Liang and Yang, Xinhua},
  journal={IEEE Access}, 
  title={Relationship Extraction and Processing for Knowledge Graph of Welding Manufacturing}, 
  year={2022},
  volume={10},
  number={},
  pages={103089-103098},
  doi={10.1109/ACCESS.2022.3209066}}


@ARTICLE{Chen2022,
  author={Chen, Yi-Hui and Lu, Eric Jui-Lin and Lin, Ying-Yen},
  journal={IEEE Access}, 
  title={Efficient SPARQL Queries Generator for Question Answering Systems}, 
  year={2022},
  volume={10},
  number={},
  pages={99850-99860},
  doi={10.1109/ACCESS.2022.3206794}}


  @article{dunn1974well,
  title={Well-separated clusters and optimal fuzzy partitions},
  author={Dunn, J. C.},
  journal={Journal of Cybernetics},
  volume={4},
  number={1},
  pages={95--104},
  year={1974},
  publisher={Taylor \& Francis}
}

@article{davies1979cluster,
  title={A cluster separation measure},
  author={Davies, David L and Bouldin, Donald W},
  journal={IEEE transactions on pattern analysis and machine intelligence},
  volume={1},
  number={2},
  pages={224--227},
  year={1979},
  publisher={IEEE}
}

@article{calinski1974dendrite,
  title={Dendrite method for cluster analysis},
  author={Calinski, Tadeusz and Harabasz, Jerzy},
  journal={Communications in Statistics-theory and Methods},
  volume={3},
  number={1},
  pages={1--27},
  year={1974},
  publisher={Taylor \& Francis}
}




